%YAML 1.1
%TAG !u! tag:unity3d.com,2011:
--- !u!1 &220360229174053993
GameObject:
  m_ObjectHideFlags: 0
  m_CorrespondingSourceObject: {fileID: 0}
  m_PrefabInstance: {fileID: 0}
  m_PrefabAsset: {fileID: 0}
  serializedVersion: 6
  m_Component:
  - component: {fileID: 8491213403224465915}
  - component: {fileID: 7477003017884866164}
  - component: {fileID: 203803099236991310}
  - component: {fileID: 4335068156163706562}
  - component: {fileID: 6139389310259824541}
  m_Layer: 0
  m_Name: Cube
  m_TagString: Untagged
  m_Icon: {fileID: 0}
  m_NavMeshLayer: 0
  m_StaticEditorFlags: 0
  m_IsActive: 1
--- !u!4 &8491213403224465915
Transform:
  m_ObjectHideFlags: 0
  m_CorrespondingSourceObject: {fileID: 0}
  m_PrefabInstance: {fileID: 0}
  m_PrefabAsset: {fileID: 0}
  m_GameObject: {fileID: 220360229174053993}
  serializedVersion: 2
  m_LocalRotation: {x: 0, y: 0, z: 0, w: 1}
  m_LocalPosition: {x: -0.54, y: 5.37, z: 1.98}
  m_LocalScale: {x: 1.5, y: 1.5, z: 5}
  m_ConstrainProportionsScale: 0
  m_Children: []
  m_Father: {fileID: 7392848726331802851}
  m_LocalEulerAnglesHint: {x: 0, y: 0, z: 0}
--- !u!33 &7477003017884866164
MeshFilter:
  m_ObjectHideFlags: 0
  m_CorrespondingSourceObject: {fileID: 0}
  m_PrefabInstance: {fileID: 0}
  m_PrefabAsset: {fileID: 0}
  m_GameObject: {fileID: 220360229174053993}
  m_Mesh: {fileID: 10202, guid: 0000000000000000e000000000000000, type: 0}
--- !u!23 &203803099236991310
MeshRenderer:
  m_ObjectHideFlags: 0
  m_CorrespondingSourceObject: {fileID: 0}
  m_PrefabInstance: {fileID: 0}
  m_PrefabAsset: {fileID: 0}
  m_GameObject: {fileID: 220360229174053993}
  m_Enabled: 0
  m_CastShadows: 1
  m_ReceiveShadows: 1
  m_DynamicOccludee: 1
  m_StaticShadowCaster: 0
  m_MotionVectors: 1
  m_LightProbeUsage: 1
  m_ReflectionProbeUsage: 1
  m_RayTracingMode: 2
  m_RayTraceProcedural: 0
  m_RenderingLayerMask: 1
  m_RendererPriority: 0
  m_Materials:
  - {fileID: 2100000, guid: 31321ba15b8f8eb4c954353edc038b1d, type: 2}
  m_StaticBatchInfo:
    firstSubMesh: 0
    subMeshCount: 0
  m_StaticBatchRoot: {fileID: 0}
  m_ProbeAnchor: {fileID: 0}
  m_LightProbeVolumeOverride: {fileID: 0}
  m_ScaleInLightmap: 1
  m_ReceiveGI: 1
  m_PreserveUVs: 0
  m_IgnoreNormalsForChartDetection: 0
  m_ImportantGI: 0
  m_StitchLightmapSeams: 1
  m_SelectedEditorRenderState: 3
  m_MinimumChartSize: 4
  m_AutoUVMaxDistance: 0.5
  m_AutoUVMaxAngle: 89
  m_LightmapParameters: {fileID: 0}
  m_SortingLayerID: 0
  m_SortingLayer: 0
  m_SortingOrder: 0
  m_AdditionalVertexStreams: {fileID: 0}
--- !u!65 &4335068156163706562
BoxCollider:
  m_ObjectHideFlags: 0
  m_CorrespondingSourceObject: {fileID: 0}
  m_PrefabInstance: {fileID: 0}
  m_PrefabAsset: {fileID: 0}
  m_GameObject: {fileID: 220360229174053993}
  m_Material: {fileID: 0}
  m_IncludeLayers:
    serializedVersion: 2
    m_Bits: 0
  m_ExcludeLayers:
    serializedVersion: 2
    m_Bits: 0
  m_LayerOverridePriority: 0
  m_IsTrigger: 1
  m_ProvidesContacts: 0
  m_Enabled: 1
  serializedVersion: 3
  m_Size: {x: 1, y: 1, z: 1}
  m_Center: {x: 0, y: 0, z: 0}
--- !u!114 &6139389310259824541
MonoBehaviour:
  m_ObjectHideFlags: 0
  m_CorrespondingSourceObject: {fileID: 0}
  m_PrefabInstance: {fileID: 0}
  m_PrefabAsset: {fileID: 0}
  m_GameObject: {fileID: 220360229174053993}
  m_Enabled: 1
  m_EditorHideFlags: 0
  m_Script: {fileID: 11500000, guid: 537568a857c898a42aef04ed6bc02735, type: 3}
  m_Name: 
  m_EditorClassIdentifier: 
--- !u!1 &3266858307469578421
GameObject:
  m_ObjectHideFlags: 0
  m_CorrespondingSourceObject: {fileID: 0}
  m_PrefabInstance: {fileID: 0}
  m_PrefabAsset: {fileID: 0}
  serializedVersion: 6
  m_Component:
  - component: {fileID: 7392848726331802851}
  m_Layer: 0
  m_Name: Trap
  m_TagString: Untagged
  m_Icon: {fileID: 0}
  m_NavMeshLayer: 0
  m_StaticEditorFlags: 0
  m_IsActive: 1
--- !u!4 &7392848726331802851
Transform:
  m_ObjectHideFlags: 0
  m_CorrespondingSourceObject: {fileID: 0}
  m_PrefabInstance: {fileID: 0}
  m_PrefabAsset: {fileID: 0}
  m_GameObject: {fileID: 3266858307469578421}
  serializedVersion: 2
  m_LocalRotation: {x: 0, y: 0, z: 0, w: 1}
  m_LocalPosition: {x: 58.25, y: 40.91, z: 0}
  m_LocalScale: {x: 1, y: 1, z: 1}
  m_ConstrainProportionsScale: 0
  m_Children:
  - {fileID: 8142659333684359395}
  - {fileID: 4009435733149874205}
  - {fileID: 1797904087039939914}
  - {fileID: 2490073224774680497}
  - {fileID: 4069472235758544882}
  - {fileID: 1515223520611290681}
  - {fileID: 498655710587692204}
  - {fileID: 6557757704861533557}
  - {fileID: 5646939385678254670}
  - {fileID: 7330790503511007802}
  - {fileID: 8491213403224465915}
  m_Father: {fileID: 0}
  m_LocalEulerAnglesHint: {x: 0, y: 0, z: 0}
--- !u!1001 &901257419683200894
PrefabInstance:
  m_ObjectHideFlags: 0
  serializedVersion: 2
  m_Modification:
    serializedVersion: 3
    m_TransformParent: {fileID: 7392848726331802851}
    m_Modifications:
    - target: {fileID: 4817758320731696432, guid: abe439e7c1da4584ebce701fde088854,
        type: 3}
      propertyPath: m_RootOrder
      value: 61
      objectReference: {fileID: 0}
    - target: {fileID: 4817758320731696432, guid: abe439e7c1da4584ebce701fde088854,
        type: 3}
      propertyPath: m_LocalPosition.x
      value: 0
      objectReference: {fileID: 0}
    - target: {fileID: 4817758320731696432, guid: abe439e7c1da4584ebce701fde088854,
        type: 3}
      propertyPath: m_LocalPosition.y
      value: 0
      objectReference: {fileID: 0}
    - target: {fileID: 4817758320731696432, guid: abe439e7c1da4584ebce701fde088854,
        type: 3}
      propertyPath: m_LocalPosition.z
      value: 4
      objectReference: {fileID: 0}
    - target: {fileID: 4817758320731696432, guid: abe439e7c1da4584ebce701fde088854,
        type: 3}
      propertyPath: m_LocalRotation.w
      value: 0.7071068
      objectReference: {fileID: 0}
    - target: {fileID: 4817758320731696432, guid: abe439e7c1da4584ebce701fde088854,
        type: 3}
      propertyPath: m_LocalRotation.x
      value: 0.7071068
      objectReference: {fileID: 0}
    - target: {fileID: 4817758320731696432, guid: abe439e7c1da4584ebce701fde088854,
        type: 3}
      propertyPath: m_LocalRotation.y
      value: -0
      objectReference: {fileID: 0}
    - target: {fileID: 4817758320731696432, guid: abe439e7c1da4584ebce701fde088854,
        type: 3}
      propertyPath: m_LocalRotation.z
      value: -0
      objectReference: {fileID: 0}
    - target: {fileID: 4817758320731696432, guid: abe439e7c1da4584ebce701fde088854,
        type: 3}
      propertyPath: m_LocalEulerAnglesHint.x
      value: 90
      objectReference: {fileID: 0}
    - target: {fileID: 4817758320731696432, guid: abe439e7c1da4584ebce701fde088854,
        type: 3}
      propertyPath: m_LocalEulerAnglesHint.y
      value: 0
      objectReference: {fileID: 0}
    - target: {fileID: 4817758320731696432, guid: abe439e7c1da4584ebce701fde088854,
        type: 3}
      propertyPath: m_LocalEulerAnglesHint.z
      value: 0
      objectReference: {fileID: 0}
    - target: {fileID: 5302932513286879114, guid: abe439e7c1da4584ebce701fde088854,
        type: 3}
      propertyPath: m_Name
      value: obj_spear_LOW (4)
      objectReference: {fileID: 0}
    m_RemovedComponents: []
    m_RemovedGameObjects: []
    m_AddedGameObjects: []
    m_AddedComponents: []
  m_SourcePrefab: {fileID: 100100000, guid: abe439e7c1da4584ebce701fde088854, type: 3}
--- !u!4 &5646939385678254670 stripped
Transform:
  m_CorrespondingSourceObject: {fileID: 4817758320731696432, guid: abe439e7c1da4584ebce701fde088854,
    type: 3}
  m_PrefabInstance: {fileID: 901257419683200894}
  m_PrefabAsset: {fileID: 0}
--- !u!1001 &1863866039104661573
PrefabInstance:
  m_ObjectHideFlags: 0
  serializedVersion: 2
  m_Modification:
    serializedVersion: 3
    m_TransformParent: {fileID: 7392848726331802851}
    m_Modifications:
    - target: {fileID: 4817758320731696432, guid: abe439e7c1da4584ebce701fde088854,
        type: 3}
      propertyPath: m_RootOrder
      value: 61
      objectReference: {fileID: 0}
    - target: {fileID: 4817758320731696432, guid: abe439e7c1da4584ebce701fde088854,
        type: 3}
      propertyPath: m_LocalPosition.x
      value: -1.0400009
      objectReference: {fileID: 0}
    - target: {fileID: 4817758320731696432, guid: abe439e7c1da4584ebce701fde088854,
        type: 3}
      propertyPath: m_LocalPosition.y
      value: 0
      objectReference: {fileID: 0}
    - target: {fileID: 4817758320731696432, guid: abe439e7c1da4584ebce701fde088854,
        type: 3}
      propertyPath: m_LocalPosition.z
      value: 0
      objectReference: {fileID: 0}
    - target: {fileID: 4817758320731696432, guid: abe439e7c1da4584ebce701fde088854,
        type: 3}
      propertyPath: m_LocalRotation.w
      value: 0.7071068
      objectReference: {fileID: 0}
    - target: {fileID: 4817758320731696432, guid: abe439e7c1da4584ebce701fde088854,
        type: 3}
      propertyPath: m_LocalRotation.x
      value: 0.7071068
      objectReference: {fileID: 0}
    - target: {fileID: 4817758320731696432, guid: abe439e7c1da4584ebce701fde088854,
        type: 3}
      propertyPath: m_LocalRotation.y
      value: -0
      objectReference: {fileID: 0}
    - target: {fileID: 4817758320731696432, guid: abe439e7c1da4584ebce701fde088854,
        type: 3}
      propertyPath: m_LocalRotation.z
      value: -0
      objectReference: {fileID: 0}
    - target: {fileID: 4817758320731696432, guid: abe439e7c1da4584ebce701fde088854,
        type: 3}
      propertyPath: m_LocalEulerAnglesHint.x
      value: 90
      objectReference: {fileID: 0}
    - target: {fileID: 4817758320731696432, guid: abe439e7c1da4584ebce701fde088854,
        type: 3}
      propertyPath: m_LocalEulerAnglesHint.y
      value: 0
      objectReference: {fileID: 0}
    - target: {fileID: 4817758320731696432, guid: abe439e7c1da4584ebce701fde088854,
        type: 3}
      propertyPath: m_LocalEulerAnglesHint.z
      value: 0
      objectReference: {fileID: 0}
    - target: {fileID: 5302932513286879114, guid: abe439e7c1da4584ebce701fde088854,
        type: 3}
      propertyPath: m_Name
      value: obj_spear_LOW (8)
      objectReference: {fileID: 0}
    m_RemovedComponents: []
    m_RemovedGameObjects: []
    m_AddedGameObjects: []
    m_AddedComponents: []
  m_SourcePrefab: {fileID: 100100000, guid: abe439e7c1da4584ebce701fde088854, type: 3}
--- !u!4 &6557757704861533557 stripped
Transform:
  m_CorrespondingSourceObject: {fileID: 4817758320731696432, guid: abe439e7c1da4584ebce701fde088854,
    type: 3}
  m_PrefabInstance: {fileID: 1863866039104661573}
  m_PrefabAsset: {fileID: 0}
--- !u!1001 &2837319122926276362
PrefabInstance:
  m_ObjectHideFlags: 0
  serializedVersion: 2
  m_Modification:
    serializedVersion: 3
    m_TransformParent: {fileID: 7392848726331802851}
    m_Modifications:
    - target: {fileID: 4817758320731696432, guid: abe439e7c1da4584ebce701fde088854,
        type: 3}
      propertyPath: m_RootOrder
      value: 61
      objectReference: {fileID: 0}
    - target: {fileID: 4817758320731696432, guid: abe439e7c1da4584ebce701fde088854,
        type: 3}
      propertyPath: m_LocalPosition.x
      value: -1.0400009
      objectReference: {fileID: 0}
    - target: {fileID: 4817758320731696432, guid: abe439e7c1da4584ebce701fde088854,
        type: 3}
      propertyPath: m_LocalPosition.y
      value: 0
      objectReference: {fileID: 0}
    - target: {fileID: 4817758320731696432, guid: abe439e7c1da4584ebce701fde088854,
        type: 3}
      propertyPath: m_LocalPosition.z
      value: 4
      objectReference: {fileID: 0}
    - target: {fileID: 4817758320731696432, guid: abe439e7c1da4584ebce701fde088854,
        type: 3}
      propertyPath: m_LocalRotation.w
      value: 0.7071068
      objectReference: {fileID: 0}
    - target: {fileID: 4817758320731696432, guid: abe439e7c1da4584ebce701fde088854,
        type: 3}
      propertyPath: m_LocalRotation.x
      value: 0.7071068
      objectReference: {fileID: 0}
    - target: {fileID: 4817758320731696432, guid: abe439e7c1da4584ebce701fde088854,
        type: 3}
      propertyPath: m_LocalRotation.y
      value: -0
      objectReference: {fileID: 0}
    - target: {fileID: 4817758320731696432, guid: abe439e7c1da4584ebce701fde088854,
        type: 3}
      propertyPath: m_LocalRotation.z
      value: -0
      objectReference: {fileID: 0}
    - target: {fileID: 4817758320731696432, guid: abe439e7c1da4584ebce701fde088854,
        type: 3}
      propertyPath: m_LocalEulerAnglesHint.x
      value: 90
      objectReference: {fileID: 0}
    - target: {fileID: 4817758320731696432, guid: abe439e7c1da4584ebce701fde088854,
        type: 3}
      propertyPath: m_LocalEulerAnglesHint.y
      value: 0
      objectReference: {fileID: 0}
    - target: {fileID: 4817758320731696432, guid: abe439e7c1da4584ebce701fde088854,
        type: 3}
      propertyPath: m_LocalEulerAnglesHint.z
      value: 0
      objectReference: {fileID: 0}
    - target: {fileID: 5302932513286879114, guid: abe439e7c1da4584ebce701fde088854,
        type: 3}
      propertyPath: m_Name
      value: obj_spear_LOW (9)
      objectReference: {fileID: 0}
    m_RemovedComponents: []
    m_RemovedGameObjects: []
    m_AddedGameObjects: []
    m_AddedComponents: []
  m_SourcePrefab: {fileID: 100100000, guid: abe439e7c1da4584ebce701fde088854, type: 3}
--- !u!4 &7330790503511007802 stripped
Transform:
  m_CorrespondingSourceObject: {fileID: 4817758320731696432, guid: abe439e7c1da4584ebce701fde088854,
    type: 3}
  m_PrefabInstance: {fileID: 2837319122926276362}
  m_PrefabAsset: {fileID: 0}
--- !u!1001 &3737024722536455635
PrefabInstance:
  m_ObjectHideFlags: 0
  serializedVersion: 2
  m_Modification:
    serializedVersion: 3
    m_TransformParent: {fileID: 7392848726331802851}
    m_Modifications:
    - target: {fileID: 4817758320731696432, guid: abe439e7c1da4584ebce701fde088854,
        type: 3}
      propertyPath: m_RootOrder
      value: 61
      objectReference: {fileID: 0}
    - target: {fileID: 4817758320731696432, guid: abe439e7c1da4584ebce701fde088854,
        type: 3}
      propertyPath: m_LocalPosition.x
      value: 0
      objectReference: {fileID: 0}
    - target: {fileID: 4817758320731696432, guid: abe439e7c1da4584ebce701fde088854,
        type: 3}
      propertyPath: m_LocalPosition.y
      value: 0
      objectReference: {fileID: 0}
    - target: {fileID: 4817758320731696432, guid: abe439e7c1da4584ebce701fde088854,
        type: 3}
      propertyPath: m_LocalPosition.z
      value: 1
      objectReference: {fileID: 0}
    - target: {fileID: 4817758320731696432, guid: abe439e7c1da4584ebce701fde088854,
        type: 3}
      propertyPath: m_LocalRotation.w
      value: 0.7071068
      objectReference: {fileID: 0}
    - target: {fileID: 4817758320731696432, guid: abe439e7c1da4584ebce701fde088854,
        type: 3}
      propertyPath: m_LocalRotation.x
      value: 0.7071068
      objectReference: {fileID: 0}
    - target: {fileID: 4817758320731696432, guid: abe439e7c1da4584ebce701fde088854,
        type: 3}
      propertyPath: m_LocalRotation.y
      value: -0
      objectReference: {fileID: 0}
    - target: {fileID: 4817758320731696432, guid: abe439e7c1da4584ebce701fde088854,
        type: 3}
      propertyPath: m_LocalRotation.z
      value: -0
      objectReference: {fileID: 0}
    - target: {fileID: 4817758320731696432, guid: abe439e7c1da4584ebce701fde088854,
        type: 3}
      propertyPath: m_LocalEulerAnglesHint.x
      value: 90
      objectReference: {fileID: 0}
    - target: {fileID: 4817758320731696432, guid: abe439e7c1da4584ebce701fde088854,
        type: 3}
      propertyPath: m_LocalEulerAnglesHint.y
      value: 0
      objectReference: {fileID: 0}
    - target: {fileID: 4817758320731696432, guid: abe439e7c1da4584ebce701fde088854,
        type: 3}
      propertyPath: m_LocalEulerAnglesHint.z
      value: 0
      objectReference: {fileID: 0}
    - target: {fileID: 5302932513286879114, guid: abe439e7c1da4584ebce701fde088854,
        type: 3}
      propertyPath: m_Name
      value: obj_spear_LOW
      objectReference: {fileID: 0}
    m_RemovedComponents: []
    m_RemovedGameObjects: []
    m_AddedGameObjects: []
    m_AddedComponents: []
  m_SourcePrefab: {fileID: 100100000, guid: abe439e7c1da4584ebce701fde088854, type: 3}
--- !u!4 &8142659333684359395 stripped
Transform:
  m_CorrespondingSourceObject: {fileID: 4817758320731696432, guid: abe439e7c1da4584ebce701fde088854,
    type: 3}
  m_PrefabInstance: {fileID: 3737024722536455635}
  m_PrefabAsset: {fileID: 0}
--- !u!1001 &4915548223435278748
PrefabInstance:
  m_ObjectHideFlags: 0
  serializedVersion: 2
  m_Modification:
    serializedVersion: 3
    m_TransformParent: {fileID: 7392848726331802851}
    m_Modifications:
    - target: {fileID: 4817758320731696432, guid: abe439e7c1da4584ebce701fde088854,
        type: 3}
      propertyPath: m_RootOrder
      value: 61
      objectReference: {fileID: 0}
    - target: {fileID: 4817758320731696432, guid: abe439e7c1da4584ebce701fde088854,
        type: 3}
      propertyPath: m_LocalPosition.x
      value: 0
      objectReference: {fileID: 0}
    - target: {fileID: 4817758320731696432, guid: abe439e7c1da4584ebce701fde088854,
        type: 3}
      propertyPath: m_LocalPosition.y
      value: 0
      objectReference: {fileID: 0}
    - target: {fileID: 4817758320731696432, guid: abe439e7c1da4584ebce701fde088854,
        type: 3}
      propertyPath: m_LocalPosition.z
      value: 0
      objectReference: {fileID: 0}
    - target: {fileID: 4817758320731696432, guid: abe439e7c1da4584ebce701fde088854,
        type: 3}
      propertyPath: m_LocalRotation.w
      value: 0.7071068
      objectReference: {fileID: 0}
    - target: {fileID: 4817758320731696432, guid: abe439e7c1da4584ebce701fde088854,
        type: 3}
      propertyPath: m_LocalRotation.x
      value: 0.7071068
      objectReference: {fileID: 0}
    - target: {fileID: 4817758320731696432, guid: abe439e7c1da4584ebce701fde088854,
        type: 3}
      propertyPath: m_LocalRotation.y
      value: -0
      objectReference: {fileID: 0}
    - target: {fileID: 4817758320731696432, guid: abe439e7c1da4584ebce701fde088854,
        type: 3}
      propertyPath: m_LocalRotation.z
      value: -0
      objectReference: {fileID: 0}
    - target: {fileID: 4817758320731696432, guid: abe439e7c1da4584ebce701fde088854,
        type: 3}
      propertyPath: m_LocalEulerAnglesHint.x
      value: 90
      objectReference: {fileID: 0}
    - target: {fileID: 4817758320731696432, guid: abe439e7c1da4584ebce701fde088854,
        type: 3}
      propertyPath: m_LocalEulerAnglesHint.y
      value: 0
      objectReference: {fileID: 0}
    - target: {fileID: 4817758320731696432, guid: abe439e7c1da4584ebce701fde088854,
        type: 3}
      propertyPath: m_LocalEulerAnglesHint.z
      value: 0
      objectReference: {fileID: 0}
    - target: {fileID: 5302932513286879114, guid: abe439e7c1da4584ebce701fde088854,
        type: 3}
      propertyPath: m_Name
      value: obj_spear_LOW (3)
      objectReference: {fileID: 0}
    m_RemovedComponents: []
    m_RemovedGameObjects: []
    m_AddedGameObjects: []
    m_AddedComponents: []
  m_SourcePrefab: {fileID: 100100000, guid: abe439e7c1da4584ebce701fde088854, type: 3}
--- !u!4 &498655710587692204 stripped
Transform:
  m_CorrespondingSourceObject: {fileID: 4817758320731696432, guid: abe439e7c1da4584ebce701fde088854,
    type: 3}
  m_PrefabInstance: {fileID: 4915548223435278748}
  m_PrefabAsset: {fileID: 0}
--- !u!1001 &6330717925418165001
PrefabInstance:
  m_ObjectHideFlags: 0
  serializedVersion: 2
  m_Modification:
    serializedVersion: 3
    m_TransformParent: {fileID: 7392848726331802851}
    m_Modifications:
    - target: {fileID: 4817758320731696432, guid: abe439e7c1da4584ebce701fde088854,
        type: 3}
      propertyPath: m_RootOrder
      value: 61
      objectReference: {fileID: 0}
    - target: {fileID: 4817758320731696432, guid: abe439e7c1da4584ebce701fde088854,
        type: 3}
      propertyPath: m_LocalPosition.x
      value: -1.04
      objectReference: {fileID: 0}
    - target: {fileID: 4817758320731696432, guid: abe439e7c1da4584ebce701fde088854,
        type: 3}
      propertyPath: m_LocalPosition.y
      value: 0
      objectReference: {fileID: 0}
    - target: {fileID: 4817758320731696432, guid: abe439e7c1da4584ebce701fde088854,
        type: 3}
      propertyPath: m_LocalPosition.z
      value: 3
      objectReference: {fileID: 0}
    - target: {fileID: 4817758320731696432, guid: abe439e7c1da4584ebce701fde088854,
        type: 3}
      propertyPath: m_LocalRotation.w
      value: 0.7071068
      objectReference: {fileID: 0}
    - target: {fileID: 4817758320731696432, guid: abe439e7c1da4584ebce701fde088854,
        type: 3}
      propertyPath: m_LocalRotation.x
      value: 0.7071068
      objectReference: {fileID: 0}
    - target: {fileID: 4817758320731696432, guid: abe439e7c1da4584ebce701fde088854,
        type: 3}
      propertyPath: m_LocalRotation.y
      value: -0
      objectReference: {fileID: 0}
    - target: {fileID: 4817758320731696432, guid: abe439e7c1da4584ebce701fde088854,
        type: 3}
      propertyPath: m_LocalRotation.z
      value: -0
      objectReference: {fileID: 0}
    - target: {fileID: 4817758320731696432, guid: abe439e7c1da4584ebce701fde088854,
        type: 3}
      propertyPath: m_LocalEulerAnglesHint.x
      value: 90
      objectReference: {fileID: 0}
    - target: {fileID: 4817758320731696432, guid: abe439e7c1da4584ebce701fde088854,
        type: 3}
      propertyPath: m_LocalEulerAnglesHint.y
      value: 0
      objectReference: {fileID: 0}
    - target: {fileID: 4817758320731696432, guid: abe439e7c1da4584ebce701fde088854,
        type: 3}
      propertyPath: m_LocalEulerAnglesHint.z
      value: 0
      objectReference: {fileID: 0}
    - target: {fileID: 5302932513286879114, guid: abe439e7c1da4584ebce701fde088854,
        type: 3}
      propertyPath: m_Name
      value: obj_spear_LOW (7)
      objectReference: {fileID: 0}
    m_RemovedComponents: []
    m_RemovedGameObjects: []
    m_AddedGameObjects: []
    m_AddedComponents: []
  m_SourcePrefab: {fileID: 100100000, guid: abe439e7c1da4584ebce701fde088854, type: 3}
--- !u!4 &1515223520611290681 stripped
Transform:
  m_CorrespondingSourceObject: {fileID: 4817758320731696432, guid: abe439e7c1da4584ebce701fde088854,
    type: 3}
  m_PrefabInstance: {fileID: 6330717925418165001}
  m_PrefabAsset: {fileID: 0}
--- !u!1001 &6498533283043227770
PrefabInstance:
  m_ObjectHideFlags: 0
  serializedVersion: 2
  m_Modification:
    serializedVersion: 3
    m_TransformParent: {fileID: 7392848726331802851}
    m_Modifications:
    - target: {fileID: 4817758320731696432, guid: abe439e7c1da4584ebce701fde088854,
        type: 3}
      propertyPath: m_RootOrder
      value: 61
      objectReference: {fileID: 0}
    - target: {fileID: 4817758320731696432, guid: abe439e7c1da4584ebce701fde088854,
        type: 3}
      propertyPath: m_LocalPosition.x
      value: 0
      objectReference: {fileID: 0}
    - target: {fileID: 4817758320731696432, guid: abe439e7c1da4584ebce701fde088854,
        type: 3}
      propertyPath: m_LocalPosition.y
      value: 0
      objectReference: {fileID: 0}
    - target: {fileID: 4817758320731696432, guid: abe439e7c1da4584ebce701fde088854,
        type: 3}
      propertyPath: m_LocalPosition.z
      value: 2
      objectReference: {fileID: 0}
    - target: {fileID: 4817758320731696432, guid: abe439e7c1da4584ebce701fde088854,
        type: 3}
      propertyPath: m_LocalRotation.w
      value: 0.7071068
      objectReference: {fileID: 0}
    - target: {fileID: 4817758320731696432, guid: abe439e7c1da4584ebce701fde088854,
        type: 3}
      propertyPath: m_LocalRotation.x
      value: 0.7071068
      objectReference: {fileID: 0}
    - target: {fileID: 4817758320731696432, guid: abe439e7c1da4584ebce701fde088854,
        type: 3}
      propertyPath: m_LocalRotation.y
      value: -0
      objectReference: {fileID: 0}
    - target: {fileID: 4817758320731696432, guid: abe439e7c1da4584ebce701fde088854,
        type: 3}
      propertyPath: m_LocalRotation.z
      value: -0
      objectReference: {fileID: 0}
    - target: {fileID: 4817758320731696432, guid: abe439e7c1da4584ebce701fde088854,
        type: 3}
      propertyPath: m_LocalEulerAnglesHint.x
      value: 90
      objectReference: {fileID: 0}
    - target: {fileID: 4817758320731696432, guid: abe439e7c1da4584ebce701fde088854,
        type: 3}
      propertyPath: m_LocalEulerAnglesHint.y
      value: 0
      objectReference: {fileID: 0}
    - target: {fileID: 4817758320731696432, guid: abe439e7c1da4584ebce701fde088854,
        type: 3}
      propertyPath: m_LocalEulerAnglesHint.z
      value: 0
      objectReference: {fileID: 0}
    - target: {fileID: 5302932513286879114, guid: abe439e7c1da4584ebce701fde088854,
        type: 3}
      propertyPath: m_Name
      value: obj_spear_LOW (1)
      objectReference: {fileID: 0}
    m_RemovedComponents: []
    m_RemovedGameObjects: []
    m_AddedGameObjects: []
    m_AddedComponents: []
  m_SourcePrefab: {fileID: 100100000, guid: abe439e7c1da4584ebce701fde088854, type: 3}
--- !u!4 &1797904087039939914 stripped
Transform:
  m_CorrespondingSourceObject: {fileID: 4817758320731696432, guid: abe439e7c1da4584ebce701fde088854,
    type: 3}
  m_PrefabInstance: {fileID: 6498533283043227770}
  m_PrefabAsset: {fileID: 0}
--- !u!1001 &6940779083148219009
PrefabInstance:
  m_ObjectHideFlags: 0
  serializedVersion: 2
  m_Modification:
    serializedVersion: 3
    m_TransformParent: {fileID: 7392848726331802851}
    m_Modifications:
    - target: {fileID: 4817758320731696432, guid: abe439e7c1da4584ebce701fde088854,
        type: 3}
      propertyPath: m_RootOrder
      value: 61
      objectReference: {fileID: 0}
    - target: {fileID: 4817758320731696432, guid: abe439e7c1da4584ebce701fde088854,
        type: 3}
      propertyPath: m_LocalPosition.x
      value: -1.0400009
      objectReference: {fileID: 0}
    - target: {fileID: 4817758320731696432, guid: abe439e7c1da4584ebce701fde088854,
        type: 3}
      propertyPath: m_LocalPosition.y
      value: 0
      objectReference: {fileID: 0}
    - target: {fileID: 4817758320731696432, guid: abe439e7c1da4584ebce701fde088854,
        type: 3}
      propertyPath: m_LocalPosition.z
      value: 2
      objectReference: {fileID: 0}
    - target: {fileID: 4817758320731696432, guid: abe439e7c1da4584ebce701fde088854,
        type: 3}
      propertyPath: m_LocalRotation.w
      value: 0.7071068
      objectReference: {fileID: 0}
    - target: {fileID: 4817758320731696432, guid: abe439e7c1da4584ebce701fde088854,
        type: 3}
      propertyPath: m_LocalRotation.x
      value: 0.7071068
      objectReference: {fileID: 0}
    - target: {fileID: 4817758320731696432, guid: abe439e7c1da4584ebce701fde088854,
        type: 3}
      propertyPath: m_LocalRotation.y
      value: -0
      objectReference: {fileID: 0}
    - target: {fileID: 4817758320731696432, guid: abe439e7c1da4584ebce701fde088854,
        type: 3}
      propertyPath: m_LocalRotation.z
      value: -0
      objectReference: {fileID: 0}
    - target: {fileID: 4817758320731696432, guid: abe439e7c1da4584ebce701fde088854,
        type: 3}
      propertyPath: m_LocalEulerAnglesHint.x
      value: 90
      objectReference: {fileID: 0}
    - target: {fileID: 4817758320731696432, guid: abe439e7c1da4584ebce701fde088854,
        type: 3}
      propertyPath: m_LocalEulerAnglesHint.y
      value: 0
      objectReference: {fileID: 0}
    - target: {fileID: 4817758320731696432, guid: abe439e7c1da4584ebce701fde088854,
        type: 3}
      propertyPath: m_LocalEulerAnglesHint.z
      value: 0
      objectReference: {fileID: 0}
    - target: {fileID: 5302932513286879114, guid: abe439e7c1da4584ebce701fde088854,
        type: 3}
      propertyPath: m_Name
      value: obj_spear_LOW (6)
      objectReference: {fileID: 0}
    m_RemovedComponents: []
    m_RemovedGameObjects: []
    m_AddedGameObjects: []
    m_AddedComponents: []
  m_SourcePrefab: {fileID: 100100000, guid: abe439e7c1da4584ebce701fde088854, type: 3}
--- !u!4 &2490073224774680497 stripped
Transform:
  m_CorrespondingSourceObject: {fileID: 4817758320731696432, guid: abe439e7c1da4584ebce701fde088854,
    type: 3}
  m_PrefabInstance: {fileID: 6940779083148219009}
  m_PrefabAsset: {fileID: 0}
--- !u!1001 &8464653096314918189
PrefabInstance:
  m_ObjectHideFlags: 0
  serializedVersion: 2
  m_Modification:
    serializedVersion: 3
    m_TransformParent: {fileID: 7392848726331802851}
    m_Modifications:
    - target: {fileID: 4817758320731696432, guid: abe439e7c1da4584ebce701fde088854,
        type: 3}
      propertyPath: m_RootOrder
      value: 61
      objectReference: {fileID: 0}
    - target: {fileID: 4817758320731696432, guid: abe439e7c1da4584ebce701fde088854,
        type: 3}
      propertyPath: m_LocalPosition.x
      value: -1.0400009
      objectReference: {fileID: 0}
    - target: {fileID: 4817758320731696432, guid: abe439e7c1da4584ebce701fde088854,
        type: 3}
      propertyPath: m_LocalPosition.y
      value: 0
      objectReference: {fileID: 0}
    - target: {fileID: 4817758320731696432, guid: abe439e7c1da4584ebce701fde088854,
        type: 3}
      propertyPath: m_LocalPosition.z
      value: 1
      objectReference: {fileID: 0}
    - target: {fileID: 4817758320731696432, guid: abe439e7c1da4584ebce701fde088854,
        type: 3}
      propertyPath: m_LocalRotation.w
      value: 0.7071068
      objectReference: {fileID: 0}
    - target: {fileID: 4817758320731696432, guid: abe439e7c1da4584ebce701fde088854,
        type: 3}
      propertyPath: m_LocalRotation.x
      value: 0.7071068
      objectReference: {fileID: 0}
    - target: {fileID: 4817758320731696432, guid: abe439e7c1da4584ebce701fde088854,
        type: 3}
      propertyPath: m_LocalRotation.y
      value: -0
      objectReference: {fileID: 0}
    - target: {fileID: 4817758320731696432, guid: abe439e7c1da4584ebce701fde088854,
        type: 3}
      propertyPath: m_LocalRotation.z
      value: -0
      objectReference: {fileID: 0}
    - target: {fileID: 4817758320731696432, guid: abe439e7c1da4584ebce701fde088854,
        type: 3}
      propertyPath: m_LocalEulerAnglesHint.x
      value: 90
      objectReference: {fileID: 0}
    - target: {fileID: 4817758320731696432, guid: abe439e7c1da4584ebce701fde088854,
        type: 3}
      propertyPath: m_LocalEulerAnglesHint.y
      value: 0
      objectReference: {fileID: 0}
    - target: {fileID: 4817758320731696432, guid: abe439e7c1da4584ebce701fde088854,
        type: 3}
      propertyPath: m_LocalEulerAnglesHint.z
      value: 0
      objectReference: {fileID: 0}
    - target: {fileID: 5302932513286879114, guid: abe439e7c1da4584ebce701fde088854,
        type: 3}
      propertyPath: m_Name
      value: obj_spear_LOW (5)
      objectReference: {fileID: 0}
    m_RemovedComponents: []
    m_RemovedGameObjects: []
    m_AddedGameObjects: []
    m_AddedComponents: []
  m_SourcePrefab: {fileID: 100100000, guid: abe439e7c1da4584ebce701fde088854, type: 3}
--- !u!4 &4009435733149874205 stripped
Transform:
  m_CorrespondingSourceObject: {fileID: 4817758320731696432, guid: abe439e7c1da4584ebce701fde088854,
    type: 3}
  m_PrefabInstance: {fileID: 8464653096314918189}
  m_PrefabAsset: {fileID: 0}
--- !u!1001 &8837670801870604994
PrefabInstance:
  m_ObjectHideFlags: 0
  serializedVersion: 2
  m_Modification:
    serializedVersion: 3
    m_TransformParent: {fileID: 7392848726331802851}
    m_Modifications:
    - target: {fileID: 4817758320731696432, guid: abe439e7c1da4584ebce701fde088854,
        type: 3}
      propertyPath: m_RootOrder
      value: 61
      objectReference: {fileID: 0}
    - target: {fileID: 4817758320731696432, guid: abe439e7c1da4584ebce701fde088854,
        type: 3}
      propertyPath: m_LocalPosition.x
      value: 0
      objectReference: {fileID: 0}
    - target: {fileID: 4817758320731696432, guid: abe439e7c1da4584ebce701fde088854,
        type: 3}
      propertyPath: m_LocalPosition.y
      value: 0
      objectReference: {fileID: 0}
    - target: {fileID: 4817758320731696432, guid: abe439e7c1da4584ebce701fde088854,
        type: 3}
      propertyPath: m_LocalPosition.z
      value: 3
      objectReference: {fileID: 0}
    - target: {fileID: 4817758320731696432, guid: abe439e7c1da4584ebce701fde088854,
        type: 3}
      propertyPath: m_LocalRotation.w
      value: 0.7071068
      objectReference: {fileID: 0}
    - target: {fileID: 4817758320731696432, guid: abe439e7c1da4584ebce701fde088854,
        type: 3}
      propertyPath: m_LocalRotation.x
      value: 0.7071068
      objectReference: {fileID: 0}
    - target: {fileID: 4817758320731696432, guid: abe439e7c1da4584ebce701fde088854,
        type: 3}
      propertyPath: m_LocalRotation.y
      value: -0
      objectReference: {fileID: 0}
    - target: {fileID: 4817758320731696432, guid: abe439e7c1da4584ebce701fde088854,
        type: 3}
      propertyPath: m_LocalRotation.z
      value: -0
      objectReference: {fileID: 0}
    - target: {fileID: 4817758320731696432, guid: abe439e7c1da4584ebce701fde088854,
        type: 3}
      propertyPath: m_LocalEulerAnglesHint.x
      value: 90
      objectReference: {fileID: 0}
    - target: {fileID: 4817758320731696432, guid: abe439e7c1da4584ebce701fde088854,
        type: 3}
      propertyPath: m_LocalEulerAnglesHint.y
      value: 0
      objectReference: {fileID: 0}
    - target: {fileID: 4817758320731696432, guid: abe439e7c1da4584ebce701fde088854,
        type: 3}
      propertyPath: m_LocalEulerAnglesHint.z
      value: 0
      objectReference: {fileID: 0}
    - target: {fileID: 5302932513286879114, guid: abe439e7c1da4584ebce701fde088854,
        type: 3}
      propertyPath: m_Name
      value: obj_spear_LOW (2)
      objectReference: {fileID: 0}
    m_RemovedComponents: []
    m_RemovedGameObjects: []
    m_AddedGameObjects: []
    m_AddedComponents: []
  m_SourcePrefab: {fileID: 100100000, guid: abe439e7c1da4584ebce701fde088854, type: 3}
--- !u!4 &4069472235758544882 stripped
Transform:
  m_CorrespondingSourceObject: {fileID: 4817758320731696432, guid: abe439e7c1da4584ebce701fde088854,
    type: 3}
  m_PrefabInstance: {fileID: 8837670801870604994}
  m_PrefabAsset: {fileID: 0}
